@misc{barrientos2007fundamentos,
  title={Fundamentos de Rob{\'o}tica},
  author={Barrientos, A. and Felipe Pe{\~n}{\'i}n, L. and Balaguer, C. and Aracil, R.},
  year={2007},
  publisher={McGraw Hill, Interamericana de Espa{\~n}a}
}
@book{blakelock1991automatic,
  title={Automatic control of aircraft and missiles},
  author={Blakelock, John H},
  year={1991},
  publisher={John Wiley \& Sons}
}
@inproceedings{bouabdallah2004pid,
  title={PID vs LQ control techniques applied to an indoor micro quadrotor},
  author={Bouabdallah, Samir and Noth, Andre and Siegwart, Roland},
  booktitle={2004 IEEE/RSJ International Conference on Intelligent Robots and Systems (IROS)(IEEE Cat. No. 04CH37566)},
  volume={3},
  pages={2451--2456},
  year={2004},
  organization={IEEE}
}
@article{green2019autonomous,
  title={Autonomous control of unmanned aerial multi-agent networks in confined spaces},
  author={Green, Sebastian and M{\aa}nsson, Pontus},
  year={2019}
}
@article{greiff2017modelling,
  title={Modelling and control of the crazyflie quadrotor for aggressive and autonomous flight by optical flow driven state estimation},
  author={Greiff, Marcus},
  year={2017}
}
@article{greitzer2006thermodynamics,
  title={Thermodynamics and propulsion},
  author={Greitzer, EM and Spakovszky, ZS and Waitz, IA},
  journal={Mechanical Engineering, MIT},
  year={2006}
}
@article{luis2016design,
  title={Design of a trajectory tracking controller for a nanoquadcopter},
  author={Luis, Carlos and Ny, J{\'e}r{\^o}me Le},
  journal={arXiv preprint arXiv:1608.05786},
  year={2016}
}
@article{peraire2009lecturea,
  title={Lecture L28 - 3D Rigid Body Dynamics: Equations of Motion.},
  author={Peraire, J and Widnall, S},
  journal={Dynamics},
  year={2009}
}
@article{peraire2009lectureb,
  title={Lecture L29-3D Rigid Body Dynamics},
  author={Peraire, J and Widnall, S},
  journal={Dynamics},
  year={2009}
}
@misc{sabatino2015quadrotor,
  title={Quadrotor control: modeling, nonlinearcontrol design, and simulation},
  author={Sabatino, Francesco},
  year={2015}
}
@article{wittenmark2002computer,
  title={Computer control: An overview},
  author={Wittenmark, Bj{\"o}rn and {\AA}str{\"o}m, Karl Johan and {\AA}rz{\'e}n, Karl-Erik},
  journal={IFAC Professional Brief},
  volume={1},
  pages={2},
  year={2002}
}